@article{angrist1999using,
  title={Using {M}aimonides' rule to estimate the effect of class size on scholastic achievement},
  author={Angrist, Joshua D and Lavy, Victor},
  journal={The Quarterly Journal of Economics},
  volume={114},
  number={2},
  pages={533--575},
  year={1999},
  publisher={MIT Press}
}

@article{lee2010regression,
  title={Regression Discontinuity Designs in Economics},
  author={Lee, David S and Lemieux, Thomas},
  journal={Journal of Economic Literature},
  volume={48},
  number={2},
  pages={281--355},
  year={2010},
  publisher={American Economic Association}
}

@article{black1999better,
  title={Do better schools matter? {P}arental valuation of elementary education},
  author={Black, Sandra E},
  journal={The Quarterly Journal of Economics},
  volume={114},
  number={2},
  pages={577--599},
  year={1999},
  publisher={MIT Press}
}

@article{koenker2001quantile,
  title={Quantile regression: An introduction},
  author={Koenker, Roger and Hallock, Kevin},
  journal={Journal of Economic Perspectives},
  volume={15},
  number={4},
  pages={43--56},
  year={2001}
}

@article{conley1998nativity,
  title={Nativity and wealth in mid-nineteenth-century cities},
  author={Conley, Timothy G and Galenson, David W},
  journal={The Journal of Economic History},
  volume={58},
  number={2},
  pages={468--493},
  year={1998},
  publisher={Cambridge University Press}
}

@inproceedings{chamberlain1994quantile,
  title={Quantile regression, censoring, and the structure of wages},
  author={Chamberlain, Gary},
  booktitle={Advances in Econometrics: Sixth World Congress},
  volume={2},
  pages={171--209},
  year={1994}
}

@article{diekmann1996social,
  title={Social status and aggression: A field study analyzed by survival analysis},
  author={Diekmann, Andreas and Jungbauer-Gans, Monika and Krassnig, Heinz and Lorenz, Sigrid},
  journal={The Journal of social psychology},
  volume={136},
  number={6},
  pages={761--768},
  year={1996},
  publisher={Taylor \& Francis}
}

@article{singer2003describing,
  title={Describing discrete-time event occurrence data},
  author={Singer, J and Willett, JB},
  journal={Applied Longitudinal Data Analysis: Modeling Change and Event Occurrence. New York: Oxford University Press, Inc},
  pages={325--56},
  year={2003}
}